<record><leader>00000cas a22000007a 4500</leader><controlfield tag="001">11906116</controlfield><controlfield tag="008">850411d18661899ohuwr ne      0    0eng d</controlfield><datafield ind1=" " ind2=" " tag="010"><subfield code="a">sn 85025736 </subfield></datafield><datafield ind1=" " ind2=" " tag="040"><subfield code="a">NPX</subfield><subfield code="b">eng</subfield><subfield code="c">NPX</subfield><subfield code="d">NPU</subfield><subfield code="d">NPT</subfield><subfield code="d">YOX</subfield><subfield code="d">NPI</subfield><subfield code="d">ONP</subfield><subfield code="d">NVF</subfield><subfield code="d">OCLCQ</subfield><subfield code="d">KRTAS</subfield><subfield code="d">OCLCQ</subfield><subfield code="d">OCLCF</subfield><subfield code="d">OCLCO</subfield></datafield><datafield ind1="1" ind2=" " tag="029"><subfield code="a">AU@</subfield><subfield code="b">000020371414</subfield></datafield><datafield ind1=" " ind2=" " tag="042"><subfield code="a">msc</subfield></datafield><datafield ind1=" " ind2=" " tag="043"><subfield code="a">n-us-oh</subfield></datafield><datafield ind1="0" ind2="0" tag="245"><subfield code="a">Weekly Cincinnati times.</subfield></datafield><datafield ind1="1" ind2="3" tag="246"><subfield code="a">Weekly times,</subfield><subfield code="f">Feb. 24, 1887-</subfield></datafield><datafield ind1="1" ind2="3" tag="246"><subfield code="a">Cincinnati weekly times</subfield></datafield><datafield ind1=" " ind2=" " tag="260"><subfield code="a">Cincinnati [Ohio] :</subfield><subfield code="b">C.W. Starbuck &amp; Co.,</subfield><subfield code="c">1866-1899.</subfield></datafield><datafield ind1=" " ind2=" " tag="300"><subfield code="a">v.</subfield></datafield><datafield ind1=" " ind2=" " tag="310"><subfield code="a">Weekly</subfield></datafield><datafield ind1="0" ind2=" " tag="362"><subfield code="a">Vol. 23, no. 12 (Mar. 1, 1866)-v. 56, no. 49 (Dec. 7, 1899).</subfield></datafield><datafield ind1=" " ind2=" " tag="500"><subfield code="a">"Cincinnati" appears in title ornament, Mar. 1, 1866-Feb. 17, 1887.</subfield></datafield><datafield ind1=" " ind2=" " tag="580"><subfield code="a">Daily eds.: Cincinnati daily times (Cincinnati, Ohio : 1861), 1866-1871, and: Cincinnati times and chronicle, 1871-1873, and: Cincinnati daily times (Cincinnati, Ohio : 1873), 1873-1879, and: Times (Cincinnati, Ohio), 1879-1880.</subfield></datafield><datafield ind1=" " ind2="0" tag="651"><subfield code="a">Cincinnati (Ohio)</subfield><subfield code="v">Newspapers.</subfield></datafield><datafield ind1=" " ind2="0" tag="651"><subfield code="a">Hamilton County (Ohio)</subfield><subfield code="v">Newspapers.</subfield></datafield><datafield ind1=" " ind2="7" tag="655"><subfield code="a">Newspapers.</subfield><subfield code="2">fast</subfield><subfield code="0">(OCoLC)fst01423814</subfield></datafield><datafield ind1=" " ind2="7" tag="651"><subfield code="a">Ohio</subfield><subfield code="z">Cincinnati.</subfield><subfield code="2">fast</subfield><subfield code="0">(OCoLC)fst01205142</subfield></datafield><datafield ind1=" " ind2="7" tag="651"><subfield code="a">Ohio</subfield><subfield code="z">Hamilton County.</subfield><subfield code="2">fast</subfield><subfield code="0">(OCoLC)fst01205597</subfield></datafield><datafield ind1=" " ind2=" " tag="752"><subfield code="a">United States</subfield><subfield code="b">Ohio</subfield><subfield code="c">Hamilton</subfield><subfield code="d">Cincinnati.</subfield></datafield><datafield ind1="1" ind2=" " tag="775"><subfield code="t">Cincinnati daily times (Cincinnati, Ohio : 1861)</subfield><subfield code="w">(DLC)sn 83045113</subfield></datafield><datafield ind1="1" ind2=" " tag="775"><subfield code="t">Cincinnati times and chronicle</subfield><subfield code="w">(DLC)sn 83045112</subfield></datafield><datafield ind1="1" ind2=" " tag="775"><subfield code="t">Cincinnati daily times (Cincinnati, Ohio : 1873)</subfield><subfield code="w">(DLC)sn 83045117</subfield></datafield><datafield ind1="1" ind2=" " tag="775"><subfield code="t">Times (Cincinnati, Ohio)</subfield><subfield code="w">(DLC)sn 83045681</subfield></datafield><datafield ind1="0" ind2="0" tag="780"><subfield code="t">Dollar weekly times (Cincinnati, Ohio)</subfield><subfield code="w">(DLC)sn 84024181</subfield></datafield><datafield ind1="0" ind2="0" tag="785"><subfield code="t">Weekly times (Cincinnati, Ohio : 1899)</subfield><subfield code="w">(DLC)sn 86063810</subfield></datafield><datafield ind1=" " ind2=" " tag="938"><subfield code="a">Kirtas Technologies, Inc.</subfield><subfield code="b">KRTS</subfield><subfield code="n">739121</subfield></datafield></record>